@mastersthesis{Ash08,
	author  = {Ashlock, W.},
	title   = {Using prisoner's dilemma fingerprints to analyze evolved strategies},
	school  = {University of Guelph.},
	year    = {2008},
	url     = {https://atrium.lib.uoguelph.ca/server/api/core/bitstreams/d86079e1-b4ca-4a5c-867e-c6cf536ccee7/content}
}
@article{AH81,
	author  = {Axelrod, R. and Hamilton, W. D.},
	title   = {The evolution of cooperation},
	journal = {Science},
	year    = {1981},
	volume  = {221},
	number  = {4489},
	pages   = {1390--1396},
	doi     = {https://doi.org/10.1126/science.7466396}
}
@article{BF06,
	author  = {Back, I. and Flache, A.},
	title   = {The viability of cooperation based on interpersonal commitment},
	journal = {Journal of Artificial Societies and Social Simulation},
	year    = {2006},
	volume  = {9},
	number  = {1},
	url     = {https://www.jasss.org/9/1/12.html}
}
@article{Bre96,
	author  = {Brembs, B.},
	title   = {Chaos, cheating and cooperation: Potential solutions to the prisoner's dilemma},
	journal = {Oikos},
	year    = {1996},
	volume  = {76},
	pages   = {14--24},
	doi     = {https://doi.org/10.2307/3545744}
}
@article{CF23,
	author  = {Chen, X. and Fu, F.},
	title   = {Outlearning extortioners: Unbending strategies can foster reciprocal fairness and cooperation},
	journal = {PNAS Nexus},
	year    = {2023},
	volume  = {2},
	number  = {6},
	note    = {pgad176},
	doi     = {https://doi.org/10.1093/pnasnexus/pgad176}
}
@article{HZX22,
	author  = {Han, X. and Zhao, X. and  Xia, H.},
	title   = {Hybrid learning promotes cooperation in the spatial prisoner’s dilemma game},
	journal = {Chaos, Solitons \& Fractals},
	year    = {2022},
	volume  = {164},
	number  = {112684},
	doi     = {https://doi.org/10.1016/j.chaos.2022.112684}
}
@article{HLD13,
	author  = {Hannah, M. and Lewis, H. M. and Dumbrell, A. J.},
	title   = {Evolutionary games of cooperation: Insights through integration of theory and data},
	journal = {Ecological Complexity},
	year    = {2013},
	volume  = {16},
	pages   = {20--30},
	doi     = {https://doi.org/10.1016/j.ecocom.2013.02.007}
}
@article{HLZ18,
	author  = {Hao, D. and Li, K. and Zhou, T.},
	title   = {Payoff control in the iterated prisoner's dilemma},
	journal = {Proceedings of the 27th International Joint Conference on Artificial Intelligence},
	year    = {2018},
	pages   = {296--302},
	doi     = {https://doi.org/10.48550/arXiv.1807.06666}
}
@article{HS02,
	author  = {Hauert, C. and Stenull, O.},
	title   = {Simple adaptive strategy wins the prisoner's dilemma},
	journal = {Journal of Theoretical Biology},
	year    = {2002},
	volume  = {218},
	number  = {3},
	pages   = {261--272},
	doi     = {https://doi.org/10.1006/jtbi.2002.3072}
}
@article{HY98,
	author  = {Hayashi, N. and Yamagishi, T.},
	title   = {Selective play: Choosing partners in an uncertain world},
	journal = {Personality and Social Psychology Review},
	year    = {1998},
	volume  = {2},
	number  = {4},
	pages   = {276--289},
	doi     = {https://doi.org/10.1207/s15327957pspr0204_4}
}
@article{IGP04,
	author  = {Izquierdo, L. R. and Gotts, N. M. and Polhill, J. G.},
	title   = {Case-based reasoning, social dilemmas, and a new equilibrium concept},
	journal = {Journal of Artificial Societies and Social Simulation},
	year    = {2004},
	volume  = {7},
	number  = {3},
	url     = {https://www.jasss.org/7/3/1.html}
}
@article{JKK12,
	author  = {Juri\v{s}i\'{c}, M. and Kermek, D. and Konecki, M.},
	title   = {A review of iterated prisoner's dilemma strategies},
	journal = {MIPRO: 2012 Proceedings of the 35th International Convention},
	year    = {2012},
	url     = {https://www.researchgate.net/publication/261424948_A_review_of_iterated_prisoner's_dilemma_strategies}
}
@article{KK93,
	author  = {Kraines, D. and Kraines, V.},
	title   = {Learning to cooperate with Pavlov an adaptive strategy for the iterated prisoner's dilemma with noise},
	journal = {Theory and Decision},
	year    = {1993},
	volume  = {35},
	pages   = {107--150},
	doi     = {https://doi.org/10.1007/BF01074955}
}
@InCollection{Kuh25,
	author       =	{Kuhn, S.},
	title        =	{Prisoner's Dilemma},
	booktitle    =	{The {Stanford} Encyclopedia of Philosophy},
	editor       =	{Edward N. Zalta and Uri Nodelman},
	year         =	{2025},
	edition      =	{{F}all 2025},
	publisher    =	{Metaphysics Research Lab, Stanford University},
	url          =	{https://plato.stanford.edu/archives/fall2025/entries/prisoner-dilemma/}
}
@article{Lei11,
	author  = {Leite, F. P.},
	title   = {Larger reward values alone are not enough to entice more cooperation},
	journal = {Thinking \& Reasoning},
	year    = {2011},
	volume  = {17},
	number  = {1},
	pages   = {82--103},
	doi     = {https://doi.org/10.1080/13546783.2010.537521}
}
@article{MD17,
	author  = {Mathieu, P. and Delahaye, J. P.},
	title   = {New winning strategies for the iterated prisoner’s dilemma},
	journal = {Journal of Artificial Societies and Social Simulation},
	year    = {2017},
	volume  = {20},
	number  = {4},
	url     = {https://www.jasss.org/20/4/12.html}
}
@article{McL81,
	author  = {McLean, I.},
	title   = {The social contract in Leviathan and the prisoner‘s dilemma supergame},
	journal = {Political Studies},
	year    = {1981},
	volume  = {29},
	number  = {3},
	pages   = {339--351},
	doi     = {https://doi.org/10.1111/j.1467-9248.1981.tb00500.x}
}
@article{NS93,
	author  = {Nowak, M. and Sigmund, K.},
	title   = {A strategy of win-stay, lose-shift that outperforms tit-for-tat in the prisoner's dilemma game},
	journal = {Nature},
	year    = {1993},
	volume  = {364},
	pages   = {56--58},
	doi     = {https://doi.org/10.1038/364056a0}
}
@incollection{RC15,
	author = {R\'{i}os, D. and Cresto, E.},
	title   = {Prisoner's dilemma, one shot and iterated},
	editor  = {J. D. Wright},
	booktitle = {International Encyclopedia of the Social \& Behavioral Sciences},
	publisher = {Elsevier},
	edition = {Second Edition},
	pages = {930--937},
	year = {2015},
	doi = {https://doi.org/10.1016/B978-0-08-097086-8.63065-9},
}
@article{SSLP09,
	author  = {Van Segbroeck, S. and Santos, F. C. and Lenaerts, T. and Pacheco, J. M.},
	title   = {Reacting differently to adverse ties promotes cooperation in social networks},
	journal = {Physical Review Letters},
	year    = {2009},
	volume  = {102},
	number  = {058105},
	doi     = {https://doi.org/10.1103/PhysRevLett.102.058105}
}
@article{LB07,
	author  = {Le, S. and Boyd, R.},
	title   = {Evolutionary dynamics of the continuous iterated prisoner's dilemma},
	journal = {Journal of Theoretical Biology},
	year    = {2007},
	volume  = {245},
	number  = {2},
	pages   = {258-267},
	doi     = {https://doi.org/10.1016/j.jtbi.2006.09.016}
}
